@article{Aubry-Kientz2015,
   author = {Mélaine Aubry-Kientz and Vivien Rossi and Jean-Jacques Boreux and Bruno Hérault},
   doi = {10.1002/ece3.1532},
   isbn = {2045-7758},
   journal = {Ecology and Evolution},
   keywords = {Bayesian framework,MCMC,Paracou,estimation method,individual-based model,linked models,tropical forest dynamic},
   pages = {n/a-n/a},
   title = {A joint individual-based model coupling growth and mortality reveals that tree vigor is a key component of tropical forest dynamics},
   url = {http://dx.doi.org/10.1002/ece3.1532},
   year = {2015},
}
@book{Bussberg2021,
   author = {Nicholas W. Bussberg},
   doi = {10.1080/00031305.2020.1865066},
   isbn = {9781138711136},
   issn = {0003-1305},
   issue = {1},
   journal = {The American Statistician},
   pages = {114-114},
   title = {Spatio-Temporal Statistics With R.},
   volume = {75},
   year = {2021},
}
@article{Fargeon2016,
   author = {Hélène Fargeon and Mélaine Aubry-Kientz and Olivier Brunaux and Laurent Descroix and Romain Gaspard and Stéphane Guitet and Vivien Rossi and Bruno Hérault},
   doi = {10.3390/f7050105},
   isbn = {1999-4907},
   issn = {19994907},
   issue = {5},
   journal = {Forests},
   keywords = {Climate change,Growth rates,Mortality rates,Paracou,Selective logging},
   pages = {1-21},
   title = {Vulnerability of commercial tree species to water stress in logged forests of the Guiana shield},
   volume = {7},
   year = {2016},
}
@article{Ferment2001,
   author = {Anne Ferment and Nicolas Picard and Sylvie Gourlet-Fleury and Christopher Baraloto},
   doi = {10.1051/forest:2001171},
   issn = {1286-4560},
   issue = {8},
   journal = {Annals of Forest Science},
   month = {12},
   pages = {877-891},
   title = {A comparison of five indirect methods for characterizing the light environment in a tropical forest},
   volume = {58},
   year = {2001},
}
@article{Fischer2016,
   author = {Rico Fischer and Friedrich Bohn and Mateus Dantas de Paula and Claudia Dislich and Jürgen Groeneveld and Alvaro G. Gutiérrez and Martin Kazmierczak and Nikolai Knapp and Sebastian Lehmann and Sebastian Paulick and Sandro Pütz and Edna Rödig and Franziska Taubert and Peter Köhler and Andreas Huth},
   doi = {10.1016/j.ecolmodel.2015.11.018},
   issn = {03043800},
   journal = {Ecological Modelling},
   keywords = {Carbon balance,Disturbance,FORMIND,Forest simulations,Species richness,Structural realism},
   pages = {124-133},
   publisher = {Elsevier B.V.},
   title = {Lessons learned from applying a forest gap model to understand ecosystem and carbon dynamics of complex tropical forests},
   volume = {326},
   url = {http://dx.doi.org/10.1016/j.ecolmodel.2015.11.018},
   year = {2016},
}
@thesis{Goulamoussene2017,
   author = {Youven Goulamoussene},
   institution = {Université de Guyane},
   pages = {153},
   title = {Variabilité de la structure de la canopée en forêt tropicale humide : l ’ apport de la très haute résolution spatiale en Guyane Française},
   year = {2017},
}
@article{Gourlet-Fleury2005a,
   author = {Sylvie Gourlet-Fleury and Guillaume Cornu and Sébastien Jésel and Hélène Dessard and Jean Gaël Jourget and Lilian Blanc and Nicolas Picard},
   doi = {10.1016/j.foreco.2005.01.010},
   issn = {03781127},
   issue = {1-2},
   journal = {Forest Ecology and Management},
   keywords = {Individual-based spatially explicit model,Long-term population dynamics,Matrix model,Recruitment,Regeneration},
   pages = {69-85},
   title = {Using models to predict recovery and assess tree species vulnerability in logged tropical forests: A case study from French Guiana},
   volume = {209},
   year = {2005},
}
@report{Guitet2014,
   author = {Stéphane Guitet and Olivier Brunaux and Stéphane Traissac},
   institution = {Direction Régionale pour la Guyane Département Recherche et Développement-Pôle Guyane Département de Guyane },
   title = {Guide de Sylviculture - Région Nord Guyane},
   year = {2014},
}
@article{Hammond1996,
   author = {D. S. Hammond and S. Gourlet-Fleury and P. Van Der Hout and H. Ter Steege and V. K. Brown},
   doi = {10.1016/0378-1127(95)03680-6},
   issn = {03781127},
   issue = {1-2},
   journal = {Forest Ecology and Management},
   keywords = {Dispersal,Guianas,Lesser known species,Seed size,Timber trees},
   pages = {99-116},
   title = {A compilation of known Guianan timber trees and the significance of their dispersal mode, seed size and taxonomic affinity to tropical rain forest management},
   volume = {83},
   year = {1996},
}
@article{Herault2010d,
   author = {Bruno Herault and J Ouallet and Lilian Blanc and Fabien H Wagner and Christopher Baraloto},
   journal = {Journal of Applied Ecology},
   keywords = {canopy openings,functional traits,incidence function model,light partitioning,selective logging,tree growth rates,tropical rain forest},
   pages = {821-831},
   title = {Growth responses of neotropical trees to logging gaps},
   volume = {47},
   year = {2010},
}
@article{Hunter2015,
   author = {Maria O. Hunter and Michael Keller and Douglas Morton and Bruce Cook and Michael Lefsky and Mark Ducey and Scott Saleska and Raimundo Cosme De Oliveira and Juliana Schietti and Runguo Zang},
   doi = {10.1371/journal.pone.0132144},
   issn = {19326203},
   issue = {7},
   journal = {PLoS ONE},
   pages = {1-19},
   title = {Structural dynamics of tropical moist forest gaps},
   volume = {10},
   year = {2015},
}
@article{Laurans2012,
   author = {Marilyne Laurans and Olivier Martin and Eric Nicolini and Gregoire Vincent},
   doi = {10.1111/j.1365-2745.2012.02007.x},
   issn = {00220477},
   issue = {6},
   journal = {Journal of Ecology},
   month = {11},
   pages = {1440-1452},
   title = {Functional traits and their plasticity predict tropical trees regeneration niche even among species with intermediate light requirements},
   volume = {100},
   year = {2012},
}
@article{Lombard2019,
   author = {Leighton Lombard and Riyad Ismail and Nitesh Poona},
   doi = {10.1080/10106049.2017.1377775},
   issn = {10106049},
   issue = {2},
   journal = {Geocarto International},
   keywords = {Canopy gaps,FRAGSTATS,Getis-Ord Gi*,LiDAR,OBIA},
   pages = {179-193},
   publisher = {Taylor & Francis},
   title = {Modelling forest canopy gaps using LiDAR-derived variables},
   volume = {34},
   url = {https://doi.org/10.1080/10106049.2017.1377775},
   year = {2019},
}
@report{ONF2017,
   author = {ONF},
   institution = {ONF},
   title = {Charte EFI Guyane},
   year = {2017},
}
@report{Pierre-Justin2021,
   author = {Mélanie Pierre-Justin},
   institution = {Université des Antilles},
   title = {Étude du besoin en lumière d’espèces d’arbres semihéliophiles de Guyane},
   year = {2021},
}
@article{Poorter1999,
   author = {L Poorter},
   title = {Growth responses of 15 rain-forest tree species to a light gradient: the relative importance of morphological and physiological traits},
   year = {1999},
}
@article{Rangel2019,
   author = {Ekena Rangel Pinagé and Michael Keller and Paul Duffy and Marcos Longo and Maiza dos-Santos and Douglas Morton},
   doi = {10.3390/rs11060709},
   issn = {2072-4292},
   issue = {6},
   journal = {Remote Sensing},
   month = {3},
   pages = {709},
   title = {Long-Term Impacts of Selective Logging on Amazon Forest Dynamics from Multi-Temporal Airborne LiDAR},
   volume = {11},
   year = {2019},
}
@article{Ruger2011a,
   author = {Nadja Rüger and Uta Berger and Stephen P Hubbell and Ghislain Vieilledent and Richard Condit},
   doi = {10.1371/journal.pone.0025330},
   issue = {9},
   journal = {PLoS ONE},
   pages = {e25330},
   publisher = {Public Library of Science},
   title = {Growth Strategies of Tropical Tree Species: Disentangling Light and Size Effects},
   volume = {6},
   url = {http://dx.doi.org/10.1371%2Fjournal.pone.0025330},
   year = {2011},
}
@article{Sheil2006,
   author = {Douglas Sheil and Agus Salim and Jérôme Chave and Jerome Vanclay and William D. Hawthorne},
   journal = {Journal of Ecology},
   title = {Illumination–size relationships of 109 coexisting tropical forest tree species},
   year = {2006},
}
@article{Silva2019,
   author = {Carlos A. Silva and Ruben Valbuena and Ekena R. Pinagé and Midhun Mohan and Danilo R.A. de Almeida and Eben North Broadbent and Wan Shafrina Wan Mohd Jaafar and Daniel de Almeida Papa and Adrian Cardil and Carine Klauberg},
   doi = {10.1111/2041-210X.13211},
   issn = {2041210X},
   issue = {8},
   journal = {Methods in Ecology and Evolution},
   keywords = {airborne laser scanning,change detection,forest canopy gaps,forest ecosystem,forest gap analysis,mapping,r,remote sensing},
   pages = {1347-1356},
   title = {ForestGapR: An r Package for forest gap analysis from canopy height models},
   volume = {10},
   year = {2019},
}
@article{Stark2015,
   author = {Scott C. Stark and Brian J. Enquist and Scott R. Saleska and Veronika Leitold and Juliana Schietti and Marcos Longo and Luciana F. Alves and Plinio B. Camargo and Raimundo C. Oliveira},
   doi = {10.1111/ele.12440},
   issn = {1461023X},
   issue = {7},
   journal = {Ecology Letters},
   month = {7},
   pages = {636-645},
   title = {Linking canopy leaf area and light environments with tree size distributions to explain Amazon forest demography},
   volume = {18},
   year = {2015},
}
@report{Van2022,
   author = {Clémence Van Der Meersch},
   institution = {Université des Antilels},
   title = {Etude de la régénération des espèces semi-héliophiles sous chablis},
   year = {2022},
}
@article{Vepakomma2012,
   author = {Udayalakshmi Vepakomma and Daniel Kneeshaw and Marie Josée Fortin},
   doi = {10.1111/j.1365-2745.2012.01996.x},
   issn = {00220477},
   issue = {5},
   journal = {Journal of Ecology},
   keywords = {Boreal forest,Canopy gap dynamics,Closure,Displacement,Gap expansion,Lidar,Old-growth forest,Plant populations and community dynamics,Succession,Temporal GIS},
   pages = {1257-1268},
   title = {Spatial contiguity and continuity of canopy gaps in mixed wood boreal forests: Persistence, expansion, shrinkage and displacement},
   volume = {100},
   year = {2012},
}
@article{Vepakomma2011,
   author = {Udayalakshmi Vepakomma and Benoit St-Onge and Daniel Kneeshaw},
   doi = {10.1890/09-0896.1},
   issn = {10510761},
   issue = {1},
   journal = {Ecological Applications},
   keywords = {Canopy dynamics,Discrete lidar,Gap closure,Height-growth pattern,Lateral growth,Minimum opening size,Regeneration,Single tree locations},
   pages = {99-121},
   title = {Response of a boreal forest to canopy opening: Assessing vertical and lateral tree growth with multi-temporal lidar data},
   volume = {21},
   year = {2011},
}
@article{Vepakomma2018,
   author = {Udayalakshmi Vepakomma and Daniel D. Kneeshaw and Louis De Grandpré},
   doi = {10.3390/f9090540},
   issn = {19994907},
   issue = {9},
   journal = {Forests},
   keywords = {Airborne LiDAR,Black spruce forest,Edge effect,Powerlines,Roads,Streams},
   title = {Influence of natural and anthropogenic linear canopy openings on forest structural patterns investigated using LiDAR},
   volume = {9},
   year = {2018},
}
@article{Zhu2014,
   author = {Jiaojun Zhu and Deliang Lu and Weidong Zhang},
   doi = {10.1007/s11676-014-0489-3},
   issn = {1007-662X},
   issue = {3},
   journal = {Journal of Forestry Research},
   month = {9},
   pages = {501-510},
   title = {Effects of gaps on regeneration of woody plants: a meta-analysis},
   volume = {25},
   year = {2014},
}
